@incollection{mipmunidad1,
  author={{Unidad 1. Lógica proposicional}},
  crossref={mipm}
}
@book{mipm,
  title={{05141103/06141103: Introducción al pensamiento matemático}},
  author={{05141103/06141103: Introducción al pensamiento matemático}},
  publisher={{UnADM -- DCEIT}}
}
